
@article{schaffer2009ncsu,
  title={NCSU's virtual computing lab: A cloud computing solution},
  author={Schaffer, Henry E and Averitt, Samuel F and Hoit, Marc I and Peeler, Aaron and Sills, Eric D and Vouk, Mladen A},
  journal={Computer},
  volume={42},
  number={7},
  year={2009},
  publisher={IEEE}
}

@Misc{vcl,
howpublished = {\url{https://vcl.apache.org/}},
note = {Accessed Feb 13, 2017},
}


@INPROCEEDINGS{6968979, 
author={P. Emmerich and D. Raumer and F. Wohlfart and G. Carle}, 
booktitle={2014 IEEE 3rd International Conference on Cloud Networking (CloudNet)}, 
title={Performance characteristics of virtual switching}, 
year={2014}, 
pages={120-125}, 
keywords={cloud computing;network interfaces;virtual machines;Open vSwitch;cloud networking architecture;physical network interface card;virtual machine;virtual network interface;virtual switching;Hardware;Kernel;Linux;Switches;Throughput;Virtual machining;cloud;performance characterization;performance evaluation;platform virtualization;virtual switching}, 
doi={10.1109/CloudNet.2014.6968979}, 
month={Oct},}

